<record><leader>00000cas a2200000 a 4500</leader><controlfield tag="001">10901760</controlfield><controlfield tag="008">840629d18511921iauwr ne      0    0eng c</controlfield><datafield ind1=" " ind2=" " tag="010"><subfield code="a">sn 84027149 </subfield></datafield><datafield ind1=" " ind2=" " tag="040"><subfield code="a">NPU</subfield><subfield code="b">eng</subfield><subfield code="c">NPU</subfield><subfield code="d">NPX</subfield><subfield code="d">INP</subfield><subfield code="d">NVF</subfield><subfield code="d">OCLCQ</subfield><subfield code="d">OCLCF</subfield><subfield code="d">OCLCO</subfield></datafield><datafield ind1=" " ind2=" " tag="042"><subfield code="a">pcc</subfield></datafield><datafield ind1=" " ind2=" " tag="043"><subfield code="a">n-us-ia</subfield></datafield><datafield ind1="0" ind2=" " tag="130"><subfield code="a">Fairfield ledger (Fairfield, Iowa : 1851)</subfield></datafield><datafield ind1="1" ind2="0" tag="245"><subfield code="a">Fairfield ledger.</subfield></datafield><datafield ind1="1" ind2="3" tag="246"><subfield code="a">Fairfield weekly ledger</subfield></datafield><datafield ind1=" " ind2=" " tag="260"><subfield code="a">Fairfield, Jefferson County, Iowa :</subfield><subfield code="b">McCraney &amp; Fulton,</subfield><subfield code="c">1851-1921.</subfield></datafield><datafield ind1=" " ind2=" " tag="300"><subfield code="a">v.</subfield></datafield><datafield ind1=" " ind2=" " tag="310"><subfield code="a">Weekly,</subfield><subfield code="b">Sept. 11, 1889-May 21, 1921</subfield></datafield><datafield ind1=" " ind2=" " tag="321"><subfield code="a">Weekly,</subfield><subfield code="b">Dec. 31, 1851-&lt;Aug. 29, 1888&gt;</subfield></datafield><datafield ind1=" " ind2=" " tag="321"><subfield code="a">Semiweekly,</subfield><subfield code="b">&lt;Sept. 7, 1888&gt;-Sept. 4, 1889</subfield></datafield><datafield ind1="0" ind2=" " tag="362"><subfield code="a">Vol. 2, no. 4 (Dec. 31, 1851)-v. 72, no. 19 (May 12, 1921).</subfield></datafield><datafield ind1=" " ind2=" " tag="500"><subfield code="a">Includes occasional special issues.</subfield></datafield><datafield ind1=" " ind2=" " tag="500"><subfield code="a">Publisher varies.</subfield></datafield><datafield ind1=" " ind2="0" tag="651"><subfield code="a">Fairfield (Iowa)</subfield><subfield code="v">Newspapers.</subfield></datafield><datafield ind1=" " ind2="0" tag="651"><subfield code="a">Jefferson County (Iowa)</subfield><subfield code="v">Newspapers.</subfield></datafield><datafield ind1=" " ind2="7" tag="655"><subfield code="a">Newspapers.</subfield><subfield code="2">fast</subfield><subfield code="0">(OCoLC)fst01423814</subfield></datafield><datafield ind1=" " ind2="7" tag="651"><subfield code="a">Iowa</subfield><subfield code="z">Fairfield.</subfield><subfield code="2">fast</subfield><subfield code="0">(OCoLC)fst01218976</subfield></datafield><datafield ind1=" " ind2="7" tag="651"><subfield code="a">Iowa</subfield><subfield code="z">Jefferson County.</subfield><subfield code="2">fast</subfield><subfield code="0">(OCoLC)fst01212644</subfield></datafield><datafield ind1=" " ind2=" " tag="752"><subfield code="a">United States</subfield><subfield code="b">Iowa</subfield><subfield code="c">Jefferson</subfield><subfield code="d">Fairfield.</subfield></datafield><datafield ind1="0" ind2="0" tag="780"><subfield code="t">Fairfield weekly ledger</subfield><subfield code="w">(DLC)sn 86060180</subfield></datafield><datafield ind1="0" ind2="5" tag="780"><subfield code="t">Home visitor (Fairfield, Iowa)</subfield><subfield code="w">(DLC)sn 86060189</subfield><subfield code="g">Jan. 11, 1868</subfield></datafield><datafield ind1="0" ind2="7" tag="785"><subfield code="t">Fairfield daily journal (Fairfield, Iowa : 1919)</subfield><subfield code="w">(DLC)sn 86060179</subfield></datafield><datafield ind1="0" ind2="7" tag="785"><subfield code="t">Daily ledger-journal</subfield><subfield code="w">(DLC)sn 86060176</subfield></datafield></record>